@article{eda,
    author = {Manchana, Ramakrishna},
    year = {2021},
    month = {01},
    pages = {1706-1716},
    title = {Event-Driven Architecture: Building Responsive and Scalable Systems for Modern Industries},
    volume = {10},
    journal = {International Journal of Science and Research (IJSR)},
    doi = {10.21275/SR24820051042}
}
